
@article{brunker2018,
	title = {Landscape attributes governing local transmission of an endemic zoonosis: Rabies virus in domestic dogs},
	author = {{Brunker}, {Kirstyn} and {Lemey}, {Philippe} and {Marston}, {Denise A} and {Fooks}, {Anthony R} and {Lugelo}, {Ahmed} and {Ngeleja}, {Chanasa} and {Hampson}, {Katie} and {Biek}, {Roman}},
	year = {2018},
	date = {2018},
	journal = {Molecular Ecology}
}

@article{funk2020,
	title = {Choices and trade-offs in inference with infectious disease models},
	author = {{Funk}, {Sebastian} and {King}, {Aaron A.}},
	year = {2020},
	month = {03},
	date = {2020-03},
	journal = {Epidemics},
	pages = {100383},
	volume = {30},
	doi = {10.1016/j.epidem.2019.100383},
	url = {http://dx.doi.org/10.1016/j.epidem.2019.100383},
	langid = {en}
}

@article{park2020,
	title = {Trip duration modifies spatial spread of infectious diseases},
	author = {{Park}, {Andrew W.}},
	year = {2020},
	month = {08},
	date = {2020-08-24},
	journal = {Proceedings of the National Academy of Sciences},
	pages = {22637--22638},
	volume = {117},
	number = {37},
	doi = {10.1073/pnas.2015730117},
	url = {http://dx.doi.org/10.1073/pnas.2015730117},
	langid = {en}
}


@article{bourhy2016,
	title = {Revealing the Micro-scale Signature of Endemic Zoonotic Disease Transmission in an African Urban Setting},
	author = {{Bourhy}, {Hervé} and {Nakouné}, {Emmanuel} and {Hall}, {Matthew} and {Nouvellet}, {Pierre} and {Lepelletier}, {Anthony} and {Talbi}, {Chiraz} and {Watier}, {Laurence} and {Holmes}, {Edward C} and {Cauchemez}, {Simon} and {Lemey}, {Philippe} and {Donnelly}, {Christl A} and {Rambaut}, {Andrew}},
	year = {2016},
	date = {2016},
	journal = {PLoS Pathogens}
}

@article{dellicour2017,
	title = {Using Viral Gene Sequences to Compare and Explain the Heterogeneous Spatial Dynamics of Virus Epidemics},
	author = {{Dellicour}, {Simon} and {Rose}, {Rebecca} and {Faria}, {Nuno Rodrigues} and {Vieira}, {Luiz Fernando Pereira} and {Bourhy}, {Hervé} and {Gilbert}, {Marius} and {Lemey}, {Philippe} and {Pybus}, {Oliver G}},
	year = {2017},
	date = {2017},
	journal = {Molecular Biology and Evolution}
}


@article{takahashi2017,
	title = {The geography of measles vaccination in the African Great Lakes region},
	author = {{Takahashi}, {Saki} and {Metcalf}, {C Jessica E} and {Ferrari}, {Matthew J} and {Tatem}, {Andrew J} and {Lessler}, {Justin}},
	year = {2017},
	date = {2017},
	journal = {Nature Communications}
}

@article{funk2019,
	title = {Combining serological and contact data to derive target immunity levels for achieving and maintaining measles elimination},
	author = {{Funk}, {Sebastian} and {Knapp}, {Jennifer K.} and {Lebo}, {Emmaculate} and {Reef}, {Susan E.} and {Dabbagh}, {Alya J.} and {Kretsinger}, {Katrina} and {Jit}, {Mark} and {Edmunds}, {W. John} and {Strebel}, {Peter M.}},
	year = {2019},
	month = {09},
	date = {2019-09-25},
	journal = {BMC Medicine},
	volume = {17},
	number = {1},
	doi = {10.1186/s12916-019-1413-7},
	url = {http://dx.doi.org/10.1186/s12916-019-1413-7},
	langid = {en}
}

@article{kraemer2018,
	title = {Reconstruction and prediction of viral disease epidemics},
	author = {{Kraemer}, {M. U. G.} and {Cummings}, {D. A. T.} and {Funk}, {S.} and {Reiner}, {R. C.} and {Faria}, {N. R.} and {Pybus}, {O. G.} and {Cauchemez}, {S.}},
	year = {2018},
	month = {11},
	date = {2018-11-05},
	journal = {Epidemiology and Infection},
	volume = {147},
	doi = {10.1017/s0950268818002881},
	url = {http://dx.doi.org/10.1017/S0950268818002881},
	langid = {en}
}

@article{undurraga2017,
	title = {Cost-Effectiveness Evaluation of a Novel Integrated Bite Case Management Program for the Control of Human Rabies, Haiti 2014{\textendash}2015},
	author = {{Undurraga}, {Eduardo A} and {Meltzer}, {Martin I} and {Tran}, {Cuc H} and {Atkins}, {Charisma Y} and {Etheart}, {Melissa D} and {Millien}, {Max F} and {Adrien}, {Paul} and {Wallace}, {Ryan M}},
	year = {2017},
	date = {2017},
	journal = {American Journal of Tropical Medicine and Hygiene}
}

@article{Lushasi2020,
	title = {One Health in Practice: Using Integrated Bite Case Management to Increase Detection of Rabid Animals in Tanzania},
	author = {{Lushasi}, {Kennedy} and {Steenson}, {Rachel} and {Bernard}, {Jubilate} and {Changalucha}, {Joel Jackson} and {Govella}, {Nicodem James} and {Haydon}, {Daniel T.} and {Hoffu}, {Husna} and {Lankester}, {Felix} and {Magoti}, {Frank} and {Mpolya}, {Emmanuel Abraham} and {Mtema}, {Zacharia} and {Nonga}, {Hesron} and {Hampson}, {Katie}},
	year = {2020},
	month = {02},
	date = {2020-02-14},
	journal = {Frontiers in Public Health},
	volume = {8},
	doi = {10.3389/fpubh.2020.00013},
	url = {http://dx.doi.org/10.3389/fpubh.2020.00013}
}