@incollection{rajeev2020modeling,
  title={Modeling canine rabies virus transmission dynamics},
  author={Rajeev, Malavika and Metcalf, C Jessica E and Hampson, Katie},
  booktitle={Rabies: 4th Edition: Scientific Basis of the Disease and Its Management},
  year={2020}
}

@article{santosa2014,
	title = {The development and experience of epidemiological transition theory over four decades: a systematic review},
	author = {{Santosa}, {Ailiana} and {Wall}, {Stig} and {Fottrell}, {Edward} and {Högberg}, {Ulf} and {Byass}, {Peter}},
	year = {2014},
	month = {05},
	date = {2014-05-15},
	journal = {Global Health Action},
	pages = {23574},
	volume = {7},
	number = {1},
	doi = {10.3402/gha.v7.23574},
	url = {http://dx.doi.org/10.3402/gha.v7.23574},
	langid = {en}
}

@article{marinho2013,
	title = {Epidemiological transition in the Americas: changes and inequalities},
	author = {{Marinho}, {Fatima M} and {Soliz}, {Patricia} and {Gawryszewski}, {Vilma} and {Gerger}, {Andrea}},
	year = {2013},
	month = {06},
	date = {2013-06},
	journal = {The Lancet},
	pages = {S89},
	volume = {381},
	doi = {10.1016/s0140-6736(13)61343-4},
	url = {http://dx.doi.org/10.1016/S0140-6736(13)61343-4},
	langid = {en}
}

@article{klepac2013,
	title = {Towards the endgame and beyond: complexities and challenges for the elimination of infectious diseases},
	author = {{Klepac}, {Petra} and {Metcalf}, {C. Jessica E.} and {McLean}, {Angela R.} and {Hampson}, {Katie}},
	year = {2013},
	month = {08},
	date = {2013-08-05},
	journal = {Philosophical Transactions of the Royal Society B: Biological Sciences},
	pages = {20120137},
	volume = {368},
	number = {1623},
	doi = {10.1098/rstb.2012.0137},
	url = {http://dx.doi.org/10.1098/rstb.2012.0137},
	langid = {en}
}

@article{hotez2008,
	title = {Neglected Infections of Poverty in the United States of America},
	author = {{Hotez}, {Peter J.}},
	editor = {{Brooker}, {Simon}},
	year = {2008},
	month = {06},
	date = {2008-06-25},
	journal = {PLoS Neglected Tropical Diseases},
	pages = {e256},
	volume = {2},
	number = {6},
	doi = {10.1371/journal.pntd.0000256},
	url = {http://dx.doi.org/10.1371/journal.pntd.0000256},
	langid = {en}
}

@article{hotez2010,
	title = {{\textquotedblleft}Manifesto{\textquotedblright} for Advancing the Control and Elimination of Neglected Tropical Diseases},
	author = {{Hotez}, {Peter J.} and {Pecoul}, {Bernard}},
	year = {2010},
	month = {05},
	date = {2010-05-25},
	journal = {PLoS Neglected Tropical Diseases},
	pages = {e718},
	volume = {4},
	number = {5},
	doi = {10.1371/journal.pntd.0000718},
	url = {http://dx.doi.org/10.1371/journal.pntd.0000718},
	langid = {en}
}

@article{klepac2015,
	title = {Six challenges in the eradication of infectious diseases},
	author = {{Klepac}, {Petra} and {Funk}, {Sebastian} and {Hollingsworth}, {T. Deirdre} and {Metcalf}, {C. Jessica E.} and {Hampson}, {Katie}},
	year = {2015},
	month = {03},
	date = {2015-03},
	journal = {Epidemics},
	pages = {97--101},
	volume = {10},
	doi = {10.1016/j.epidem.2014.12.001},
	url = {http://dx.doi.org/10.1016/j.epidem.2014.12.001},
	langid = {en}
}

@article{heesterbeek2015,
	title = {Modeling infectious disease dynamics in the complex landscape of global health},
	author = {{Heesterbeek}, {H} and {Anderson}, {R M} and {Andreasen}, {V} and {Bansal}, {S} and {De Angelis}, {D} and {Dye}, {C} and {Eames}, {K T D} and {Edmunds}, {W J} and {Frost}, {S D W} and {Funk}, {S} and {Hollingsworth}, {T D} and {House}, {T} and {Isham}, {V} and {Klepac}, {P} and {Lessler}, {J} and {Lloyd-Smith}, {J O} and {Metcalf}, {C J E} and {Mollison}, {D} and {Pellis}, {L} and {Pulliam}, {J R C} and {Roberts}, {M G} and {Viboud}, {C} and {Isaac Newton Institute IDD Collaboration}, {}},
	year = {2015},
	date = {2015},
	journal = {Science}
}

@article{lessler2016,
	title = {Trends in the Mechanistic and Dynamic Modeling of Infectious Diseases},
	author = {{Lessler}, {Justin} and {Azman}, {Andrew S.} and {Grabowski}, {M. Kate} and {Salje}, {Henrik} and {Rodriguez-Barraquer}, {Isabel}},
	year = {2016},
	month = {07},
	date = {2016-07-02},
	journal = {Current Epidemiology Reports},
	pages = {212--222},
	volume = {3},
	number = {3},
	doi = {10.1007/s40471-016-0078-4},
	url = {http://dx.doi.org/10.1007/s40471-016-0078-4},
	langid = {en}
}

@article{mollison1994,
	title = {Epidemics: Models and Data},
	author = {{Mollison}, {Denis} and {Isham}, {Valerie} and {Grenfell}, {Bryan}},
	year = {1994},
	date = {1994},
	journal = {Journal of the Royal Statistical Society. Series A (Statistics in Society)},
	pages = {115},
	volume = {157},
	number = {1},
	doi = {10.2307/2983509},
	url = {http://dx.doi.org/10.2307/2983509}
}

@article{metcalf2015,
	title = {Seven challenges in modeling vaccine preventable diseases},
	author = {{Metcalf}, {C.J.E.} and {Andreasen}, {V.} and {Bjørnstad}, {O.N.} and {Eames}, {K.} and {Edmunds}, {W.J.} and {Funk}, {S.} and {Hollingsworth}, {T.D.} and {Lessler}, {J.} and {Viboud}, {C.} and {Grenfell}, {B.T.}},
	year = {2015},
	month = {03},
	date = {2015-03},
	journal = {Epidemics},
	pages = {11--15},
	volume = {10},
	doi = {10.1016/j.epidem.2014.08.004},
	url = {http://dx.doi.org/10.1016/j.epidem.2014.08.004},
	langid = {en}
}

@article{mahmud2020,
	title = {The Impact of Climate Change on Vaccine-Preventable Diseases: Insights From Current Research and New Directions},
	author = {{Mahmud}, {Ayesha S.} and {Martinez}, {Pamela P.} and {He}, {Jingxing} and {Baker}, {Rachel E.}},
	year = {2020},
	month = {10},
	date = {2020-10-25},
	journal = {Current Environmental Health Reports},
	pages = {384--391},
	volume = {7},
	number = {4},
	doi = {10.1007/s40572-020-00293-2},
	url = {http://dx.doi.org/10.1007/s40572-020-00293-2},
	langid = {en}
}

@article{pellis2015,
	title = {Eight challenges for network epidemic models},
	author = {{Pellis}, {Lorenzo} and {Ball}, {Frank} and {Bansal}, {Shweta} and {Eames}, {Ken} and {House}, {Thomas} and {Isham}, {Valerie} and {Trapman}, {Pieter}},
	year = {2015},
	month = {03},
	date = {2015-03},
	journal = {Epidemics},
	pages = {58--62},
	volume = {10},
	doi = {10.1016/j.epidem.2014.07.003},
	url = {http://dx.doi.org/10.1016/j.epidem.2014.07.003},
	langid = {en}
}

@article{funk2015,
	title = {Nine challenges in incorporating the dynamics of behaviour in infectious diseases models},
	author = {{Funk}, {Sebastian} and {Bansal}, {Shweta} and {Bauch}, {Chris T.} and {Eames}, {Ken T.D.} and {Edmunds}, {W. John} and {Galvani}, {Alison P.} and {Klepac}, {Petra}},
	year = {2015},
	month = {03},
	date = {2015-03},
	journal = {Epidemics},
	pages = {21--25},
	volume = {10},
	doi = {10.1016/j.epidem.2014.09.005},
	url = {http://dx.doi.org/10.1016/j.epidem.2014.09.005},
	langid = {en}
}

@article{cauchemez2019,
	title = {How Modelling Can Enhance the Analysis of Imperfect Epidemic Data},
	author = {{Cauchemez}, {Simon} and {Hoze}, {Nathanaël} and {Cousien}, {Anthony} and {Nikolay}, {Birgit} and {ten bosch}, {Quirine}},
	year = {2019},
	month = {05},
	date = {2019-05},
	journal = {Trends in Parasitology},
	pages = {369--379},
	volume = {35},
	number = {5},
	doi = {10.1016/j.pt.2019.01.009},
	url = {http://dx.doi.org/10.1016/j.pt.2019.01.009},
	langid = {en}
}

@article{bansal2016,
	title = {Big Data for Infectious Disease Surveillance and Modeling},
	author = {{Bansal}, {Shweta} and {Chowell}, {Gerardo} and {Simonsen}, {Lone} and {Vespignani}, {Alessandro} and {Viboud}, {Cécile}},
	year = {2016},
	month = {11},
	date = {2016-11-14},
	journal = {Journal of Infectious Diseases},
	pages = {S375--S379},
	volume = {214},
	number = {suppl 4},
	doi = {10.1093/infdis/jiw400},
	url = {http://dx.doi.org/10.1093/infdis/jiw400},
	langid = {en}
}

@article{funk2020,
	title = {Choices and trade-offs in inference with infectious disease models},
	author = {{Funk}, {Sebastian} and {King}, {Aaron A.}},
	year = {2020},
	month = {03},
	date = {2020-03},
	journal = {Epidemics},
	pages = {100383},
	volume = {30},
	doi = {10.1016/j.epidem.2019.100383},
	url = {http://dx.doi.org/10.1016/j.epidem.2019.100383},
	langid = {en}
}

@article{park2020,
	title = {Trip duration modifies spatial spread of infectious diseases},
	author = {{Park}, {Andrew W.}},
	year = {2020},
	month = {08},
	date = {2020-08-24},
	journal = {Proceedings of the National Academy of Sciences},
	pages = {22637--22638},
	volume = {117},
	number = {37},
	doi = {10.1073/pnas.2015730117},
	url = {http://dx.doi.org/10.1073/pnas.2015730117},
	langid = {en}
}

@article{hampson2015,
	title = {Estimating the global burden of endemic canine rabies.},
	author = {{Hampson}, {Katie} and {Coudeville}, {Laurent} and {Lembo}, {Tiziana} and {Sambo}, {Maganga} and {Kieffer}, {Alexia} and {Attlan}, {Michaël} and {Barrat}, {Jacques} and {Blanton}, {Jesse D} and {Briggs}, {Deborah J} and {Cleaveland}, {Sarah} and {Costa}, {Peter} and {Freuling}, {Conrad M} and {Hiby}, {Elly} and {Knopf}, {Lea} and {Leanes}, {Fernando} and {Meslin}, {François-Xavier} and {Metlin}, {Artem} and {Miranda}, {Mary Elizabeth} and {Müller}, {Thomas} and {Nel}, {Louis H} and {Recuenco}, {Sergio} and {Rupprecht}, {Charles E} and {Schumacher}, {Carolin} and {Taylor}, {Louise} and {Vigilato}, {Marco Antonio Natal} and {Zinsstag}, {Jakob} and {Dushoff}, {Jonathan} and {Global Alliance for Rabies Control Partners for Rabies Prevention}, {}},
	year = {2015},
	date = {2015},
	journal = {PLoS Neglected Tropical Diseases}
}

@article{abela-ridder2016,
	title = {2016: the beginning of the end of rabies?},
	author = {{Abela-Ridder}, {B} and {Knopf}, {L} and {Martin}, {S} and {Taylor}, {L} and {Torres}, {Gregorio} and {de Balogh}, {Katinka}},
	year = {2016},
	date = {2016},
	journal = {The Lancet Global Health}
}

@article{lembo2010,
	title = {The feasibility of canine rabies elimination in Africa: dispelling doubts with data.},
	author = {{Lembo}, {Tiziana} and {Hampson}, {Katie} and {Kaare}, {Magai T} and {Ernest}, {Eblate} and {Knobel}, {Darryn} and {Kazwala}, {Rudovick R} and {Haydon}, {Daniel T} and {Cleaveland}, {Sarah}},
	year = {2010},
	date = {2010},
	journal = {PLoS Neglected Tropical Diseases}
}

@article{delriovilas2017,
	title = {Tribulations of the Last Mile: Sides from a Regional Program.},
	author = {{Del Rio Vilas}, {Victor J} and {Freire de Carvalho}, {Mary J} and {Vigilato}, {Marco A N} and {Rocha}, {Felipe} and {Vokaty}, {Alexandra} and {Pompei}, {Julio A} and {Molina Flores}, {Baldomero} and {Fenelon}, {Natael} and {Cosivi}, {Ottorino}},
	year = {2017},
	date = {2017},
	journal = {Frontiers in veterinary science}
}

@article{hampson2009,
	title = {Transmission dynamics and prospects for the elimination of canine rabies.},
	author = {{Hampson}, {Katie} and {Dushoff}, {Jonathan} and {Cleaveland}, {Sarah} and {Haydon}, {Daniel T} and {Kaare}, {Magai} and {Packer}, {Craig} and {Dobson}, {Andy}},
	year = {2009},
	date = {2009},
	journal = {PLOS Biol}
}

@article{rupprecht2002,
	title = {Rabies re-examined},
	author = {{Rupprecht}, {Charles E} and {Hanlon}, {Cathleen A} and {Hemachudha}, {Thiravat}},
	year = {2002},
	date = {2002},
	journal = {The Lancet Infectious diseases}
}

@article{talbi2010,
	title = {Phylodynamics and Human-Mediated Dispersal of a Zoonotic Virus},
	author = {{Talbi}, {Chiraz} and {Lemey}, {Philippe} and {Suchard}, {Marc A} and {Abdelatif}, {Elbia} and {Elharrak}, {Mehdi} and {Jalal}, {Nourlil} and {Faouzi}, {Abdellah} and {Echevarría}, {Juan E} and {Vazquez Morón}, {Sonia} and {Rambaut}, {Andrew} and {Campiz}, {Nicholas} and {Tatem}, {Andrew J} and {Holmes}, {Edward C} and {Bourhy}, {Hervé}},
	year = {2010},
	date = {2010},
	journal = {PLoS Pathogens}
}

@article{brunker2015,
	title = {Elucidating the phylodynamics of endemic rabies virus in eastern Africa using whole-genome sequencing.},
	author = {{Brunker}, {Kirstyn} and {Marston}, {Denise A} and {Horton}, {Daniel L} and {Cleaveland}, {Sarah} and {Fooks}, {Anthony R} and {Kazwala}, {Rudovick} and {Ngeleja}, {Chanasa} and {Lembo}, {Tiziana} and {Sambo}, {Maganga} and {Mtema}, {Zacharia J} and {Sikana}, {Lwitiko} and {Wilkie}, {Gavin} and {Biek}, {Roman} and {Hampson}, {Katie}},
	year = {2015},
	date = {2015},
	journal = {Virus Evolution}
}

@article{andriamandimby2013,
	title = {Surveillance and control of rabies in La Reunion, Mayotte, and Madagascar.},
	author = {{Andriamandimby}, {Soa Fy} and {Heraud}, {Jean-Michel} and {Ramiandrasoa}, {Ravo} and {Ratsitorahina}, {Maherisoa} and {Rasambainarivo}, {Jhon H} and {Dacheux}, {Laurent} and {Lepelletier}, {Anthony} and {Goodman}, {Steven M} and {Reynes}, {Jean-Marc} and {Bourhy}, {Hervé}},
	year = {2013},
	date = {2013},
	journal = {Veterinary research}
}

@article{Mancyinprep,
	title = {Spatial scale of transmission explains how acute infections circulate at low prevalence.},
  author={Mancy, Rebecca, and Haydon, Daniel and Lugelo, Ahmed and Brunker, Kirstyn, and Cleaveland, Sarah and Ferguson, Elaine and Hotopp, Karen, and Kazwala, Rudovick and Matthias, Magoto and Magoto, Matthias, and Rysava, Kristyna and Rajeev, Malavika and Hampson, Katie}
},
	journal = {In revision at Science}
	year = {2021},
	date = {2021},
}

